@article{testCitation,
    title={Test Article},
    author={Author, Test},
    journal={Test Journal},
    year={2024},
}
